@Article{SchmidlCox1997,
  author    = {Schmidl, T. M. and Cox, D. C.},
  title     = {Robust Frequency And Timing Synchronization For {OFDM}},
  journal   = {Communications, IEEE Transactions on},
  year      = 1997,
  month     = {December},
  volume    = 45,
  number    = 12,
  pages     = {1613--1621}
}

@Article{Viterbi1967,
  author    = {Viterbi, A. J.},
  title     = {Error Bounds for Convolutional Codes and an Asymptotically
               Optimum Decoding Algorithm},
  journal   = {Information Theory, IEEE Transactions on},
  year      = 1967,
  month     = {April},
  volume    = IT-13,
  number    = 2,
  pages     = {260--269}
}

@Article{Costa1983,
  author    = {Costa, M. H. M.},
  title     = {Writing on dirty paper (Corresp.)},
  journal   = {Information Theory, IEEE Transactions on},
  year      = 1983,
  month     = {May},
  volume    = 29,
  number    = 3,
  pages     = {439--441}
}

@InProceedings{ShilpaThangarajBhashyam2010,
  author    = {Shilpa, G. and Thangaraj, A. and Bhashyam S.},
  title     = {Dirty Paper Coding using sign-bit shaping and {LDPC} codes},
  booktitle = {Information Theory Proceedings (ISIT),
               2010 IEEE International Symposium on},
  year      = 2010,
  month     = {June},
  pages     = {923--927},
}

@Article{Hunter2007,
  Author    = {Hunter, J. D.},
  Title     = {Matplotlib: A {2D} graphics environment},
  Journal   = {Computing In Science \& Engineering},
  Volume    = {9},
  Number    = {3},
  Pages     = {90--95},
  publisher = {IEEE COMPUTER SOC},
  year      = 2007,
  note      = {\texttt{http://matplotlib.org}}
}

@Article{Oliphant2007,
  Author    = {Oliphant, T. E.},
  Title     = {Python for Scientific Computing},
  Journal   = {Computing In Science \& Engineering},
  Volume    = {9},
  Number    = {3},
  year      = 2007,
  note      = {\texttt{http://www.numpy.org/}}
}
